@Manual{citeR,
    title = {R: A Language and Environment for Statistical Computing},
    author = {{R Core Team}},
    organization = {R Foundation for Statistical Computing},
    address = {Vienna, Austria},
    year = {2020},
    url = {https://www.R-project.org/},
  }


@Article{citetidyverse,
    title = {Welcome to the {tidyverse}},
    author = {Hadley Wickham and Mara Averick and Jennifer Bryan and Winston Chang and Lucy D'Agostino McGowan and Romain François and Garrett Grolemund and Alex Hayes and Lionel Henry and Jim Hester and Max Kuhn and Thomas Lin Pedersen and Evan Miller and Stephan Milton Bache and Kirill Müller and Jeroen Ooms and David Robinson and Dana Paige Seidel and Vitalie Spinu and Kohske Takahashi and Davis Vaughan and Claus Wilke and Kara Woo and Hiroaki Yutani},
    year = {2019},
    journal = {Journal of Open Source Software},
    volume = {4},
    number = {43},
    pages = {1686},
    doi = {10.21105/joss.01686},
  }
  

@Manual{citelabelled,
    title = {labelled: Manipulating Labelled Data},
    author = {Joseph Larmarange},
    year = {2020},
    note = {R package version 2.7.0},
    url = {http://larmarange.github.io/labelled/},
  }
  

@Manual{citehaven,
    title = {haven: Import and Export 'SPSS', 'Stata' and 'SAS' Files},
    author = {Hadley Wickham and Evan Miller},
    year = {2020},
    note = {http://haven.tidyverse.org, https://github.com/tidyverse/haven,
https://github.com/WizardMac/ReadStat},
  }
  

@Book{citeggplot2,
    author = {Hadley Wickham},
    title = {ggplot2: Elegant Graphics for Data Analysis},
    publisher = {Springer-Verlag New York},
    year = {2016},
    isbn = {978-3-319-24277-4},
    url = {https://ggplot2.tidyverse.org},
  }


@Book{citeDFsurvey,
    author = {Tausanovitch, Chris and Lynn Vavreck},
    publisher = {Democracy Fund + UCLA Nationscape, October 10-17, 2019 (version 20200814). Retrieved from [https://www.voterstudygroup.org/publication/nationscape-data-set]},
    year = {2020},
  }
  

@Book{citeACS,
    author = {Steven Ruggles, Sarah Flood, Ronald Goeken, Josiah Grover, Erin Meyer, Jose Pacas and Matthew Sobek},
    title = {IPUMS USA: Version 10.0 [dataset]},
    publisher = {Minneapolis, MN: IPUMS, 2020},
    url = {https://doi.org/10.18128/D010.V10.0},
  }
  
  
@Book{citeCar,
    title = {An {R} Companion to Applied Regression},
    edition = {Third},
    author = {John Fox and Sanford Weisberg},
    year = {2019},
    publisher = {Sage},
    address = {Thousand Oaks {CA}},
    url = {https://socialsciences.mcmaster.ca/jfox/Books/Companion/},
  } 


@Article{citeCodeMRP,
    title = {Getting started with MRP},
    author = {{Rohan Alexander}},
    organization = {University of Toronto},
    year = {2020},
  }